@article{crispinTikTokUniversalWill2024,
  entrysubtype = {newspaper},
  title = {TikTok: Universal will seine Musik von TikTok entfernen},
  shorttitle = {TikTok},
  author = {Crispin, Melina and {dpa} and {Reuters} and {AFP}},
  date = {2024-01-31},
  journaltitle = {Die Zeit},
  location = {{Hamburg}},
  issn = {0044-2070},
  url = {https://www.zeit.de/digital/internet/2024-01/tik-tok-universal-music-musik-verschwindet},
  urldate = {2024-01-31},
  abstract = {Zwischen TikTok und Universal Music wird es wohl vorerst keinen neuen Lizenzvertrag geben. In einem offenen Brief erhebt das Musiklabel schwere Vorwürfe gegen TikTok.},
  langid = {ngerman},
  keywords = {Internet,Lizenzvertrag,Musik,Musiklabel,Social Media,TikTok,Universal Music,Unternehmen}
}

@online{CURIADocuments,
  title = {{{CURIA}} - {{Documents}}},
  url = {https://curia.europa.eu/juris/document/document.jsf?text=&docid=216552&pageIndex=0&doclang=DE&mode=req&dir=&occ=first&part=1},
  urldate = {2023-07-02},
  file = {/Users/patrickmarx/Zotero/storage/9X45H4AR/document.html}
}

@book{diethMusikwerkUndMusikplagiat2000,
  title = {Musikwerk und Musikplagiat im deutschen Urheberrecht},
  author = {Dieth, Mathias},
  date = {2000},
  series = {UFITA Schriftenreihe des Archivs für Urheber- und Medienrecht (UFITA)},
  number = {181},
  publisher = {{Nomos-Verl.-Ges}},
  location = {{Baden-Baden}},
  isbn = {978-3-7890-6932-1},
  langid = {german},
  pagetotal = {218}
}

@article{dornisLauterkeitsrechtImKIZeitalter2023,
  title = {Lauterkeitsrecht im KI-Zeitalter - Grundlagen, Strukturen und Fallgruppen (Teil 1)},
  author = {Dornis, Tim W.},
  date = {2023-12-15},
  journaltitle = {Gewerblicher Rechtsschutz und Urheberrecht},
  shortjournal = {GRUR},
  volume = {24/2023},
  pages = {1729--1737},
  issn = {0016-9420},
  langid = {ngerman}
}

@article{dpaMusikKuenstlicheIntelligenz2021,
  entrysubtype = {newspaper},
  title = {Musik: Künstliche Intelligenz vollendet Sinfonie Beethovens},
  shorttitle = {Musik},
  author = {{dpa}},
  date = {2021-10-10},
  journaltitle = {Die Zeit},
  location = {{Hamburg}},
  issn = {0044-2070},
  url = {https://www.zeit.de/news/2021-10/09/von-ki-vollendete-10-sinfonie-von-beethoven-uraufgefuehrt},
  urldate = {2024-01-23},
  abstract = {Hier finden Sie Informationen zu dem Thema „Musik“. Lesen Sie jetzt „Künstliche Intelligenz vollendet Sinfonie Beethovens“.},
  langid = {ngerman},
  keywords = {Benno Fürmann,Bonn,Deutsche Telekom,Dirk Kaftan,Ludwig van Beethoven,Matthias Röder,Salzburg,Sinfonie,Toni Garrn},
  file = {/Users/patrickmarx/Zotero/storage/GKL3GIZN/von-ki-vollendete-10-sinfonie-von-beethoven-uraufgefuehrt.html}
}

@book{feiereisenTextAlsSoundtrack2011,
  title = {Der {{Text}} Als {{Soundtrack}} -- Der {{Autor}} Als {{DJ}}: Postmoderne Und Postkoloniale {{Samples}} Bei {{Thomas Meinecke}}},
  shorttitle = {Der {{Text}} Als {{Soundtrack}} -- Der {{Autor}} Als {{DJ}}},
  author = {Feiereisen, Florence},
  date = {2011},
  publisher = {{Königshausen \& Neumann}},
  location = {{Würzburg}},
  isbn = {978-3-8260-4509-7},
  pagetotal = {206},
  keywords = {Criticism and interpretation,{Meinecke, Thomas},Popular culture and literature,Postcolonialism in literature,Postmodernism (Literature)},
  annotation = {OCLC: ocn744947194}
}

@book{fuchsUrheberrechtsgedankeUndVerletzung,
  title = {Urheberrechtsgedanke Und -Verletzung in Der {{Geschichte}} Des {{Plagiats}} Unter Besonderer {{Berücksichtigung}} Der {{Musik}}},
  author = {Fuchs, Eberhard}
}

@book{goltschniggPlagiatFaelschungUrheberrecht2013,
  title = {Plagiat, Fälschung, Urheberrecht im interdisziplinären Blickfeld},
  editor = {Goltschnigg, Dietmar and Kumar, Victoria},
  date = {2013},
  publisher = {{Schmidt}},
  location = {{Berlin}},
  isbn = {978-3-503-13763-3},
  langid = {german},
  pagetotal = {256},
  file = {/Users/patrickmarx/Zotero/storage/ERSSHLFG/Goltschnigg und Kumar - 2013 - Plagiat, Fälschung, Urheberrecht im interdisziplin.pdf}
}

@book{hanser-streckerPlagiatMusikBeitrag,
  title = {Das {{Plagiat}} in Der {{Musik}}. {{Ein Beitrag}} Zur {{Frage}} Des Urheberrechtlichen {{Schutzes}} von {{Werken}} Der {{Musik}}},
  author = {Hanser-Strecker, Peter}
}

@article{huChatGPTSetsRecord2023,
  entrysubtype = {newspaper},
  title = {{{ChatGPT}} Sets Record for Fastest-Growing User Base - Analyst Note},
  author = {Hu, Krystal and Hu, Krystal},
  date = {2023-02-02T15:33:00Z},
  journaltitle = {Reuters},
  url = {https://www.reuters.com/technology/chatgpt-sets-record-fastest-growing-user-base-analyst-note-2023-02-01/},
  urldate = {2024-01-23},
  abstract = {ChatGPT, the popular chatbot from OpenAI, is estimated to have reached 100 million monthly active users in January, just two months after launch, making it the fastest-growing consumer application in history, according to a UBS study on Wednesday.},
  journalsubtitle = {Technology},
  langid = {english},
  file = {/Users/patrickmarx/Zotero/storage/3K9UMKWU/chatgpt-sets-record-fastest-growing-user-base-analyst-note-2023-02-01.html}
}

@book{joergerPlagiatPopularmusik1992,
  title = {Das Plagiat in der Popularmusik},
  author = {Jörger, Thomas M.},
  date = {1992},
  series = {UFITA Schriftenreihe des Archivs für Urheber- und Medienrecht (UFITA)},
  edition = {1. Aufl},
  number = {99},
  publisher = {{Nomos-Verl.-Ges}},
  location = {{Baden-Baden}},
  isbn = {978-3-7890-2750-5},
  langid = {german},
  pagetotal = {169}
}

@article{kopiezArmseligenAllerweltsfloskelZur2022,
  title = {Von Der „armseligen {{Allerweltsfloskel}}“ Zur „schöpferischen {{Eigenart}}“ – {{Eine Analyse}} Deutscher {{Gerichtsentscheidungen}} Zu {{Plagiaten}} in Der {{Musik}} von 1966 Bis 2020},
  author = {Kopiez, Reinhard and Müllensiefen, Daniel and Huber, Jonathan},
  editora = {{Open Science Framework}},
  editoratype = {collaborator},
  date = {2022},
  publisher = {{Open Science Framework}},
  doi = {10.17605/OSF.IO/WDHM2},
  url = {https://osf.io/wdhm2/},
  urldate = {2023-07-03},
  abstract = {Auf der Grundlage systematischer Textanalyse haben wir eine wiederkehrende vierstufige Struktur identifiziert, die zeigt, wie deutsche Gerichte Musikplagiatsfälle prüfen. Die Ergebnisse dieser Analyse zeigen, dass die Ähnlichkeit und Schutzfähigkeit von Musikwerken im Mittelpunkt der Plagiatsprüfung stehen. Der prominenteste musikalische Faktor ist die Melodie, aber auch aus dem Zusammenspiel verschiedener musikalischer Faktoren kann sich Urheberrechtsschutz ergeben.}
}

@book{laemmelKuenstlicheIntelligenzWissensverarbeitung2023,
  title = {Künstliche Intelligenz: Wissensverarbeitung - neuronale Netze},
  shorttitle = {Künstliche Intelligenz},
  author = {Lämmel, Uwe and Cleve, Jürgen},
  date = {2023},
  edition = {6., aktualisierte Auflage},
  publisher = {{Hanser}},
  location = {{München}},
  abstract = {Künstliche Intelligenz (KI) ganz praktisch - Symbolverarbeitende künstliche Intelligenz und künstliche neuronale Netze in einem Buch - Business Rules und Wissensnetze - Convolutional Neural Networks und Deep Learning - Übungen in PROLOG sowie mit JavaNNS und Python Die künstliche Intelligenz hat unseren Alltag erreicht: Wir nutzen Chatbots, reden mit Sprachassistenten, KI digitalisiert die Dokumentenverarbeitung, die Muster-, Bild- oder Objekt-Erkennung. Sie ermöglicht neue, intelligentere Lösungen in vielen Bereichen, von der Medizin bis zum autonomen Fahren. Das Buch gibt eine Einführung in die KI. Es wird gezeigt, wie symbolverabeitende KI in Form von Wissensnetzen oder Geschäftsregeln heute angewendet und wie künstliche neuronale Netze in der Mustererkennung oder auch im Data Mining eingesetzt werden können. Wissensrepräsentation und -verarbeitung auf Basis der Logik wird unter Nutzung der logischen Programmiersprache PROLOG eingeführt. Logische Schlussfolgerungen lassen sich in PROLOG wesentlich leichter als in Python oder Java implementieren. Die Konzepte neuronaler Netze werden mit dem System JavaNNS und mittels Python praktisch vertieft. Fragen und Aufgaben am Ende eines Abschnittes fordern zum aktiven Lesen und Lernen auf. Die Webseiten zum Buch enthalten Demo-Programme, die diskutierte Vorgehensweisen veranschaulichen und das Verständnis fördern. Aus dem Inhalt: - Überblick zur künstlichen Intelligenz - Darstellung und Verarbeitung von Wissen - Problemlösung mittels Suche - Wissensverarbeitung mit PROLOG - Künstliche neuronale Netze - Vorwärtsgerichtete neuronale Netze - Wettbewerbslernen - Autoassoziative Netze - Entwicklung neuronaler Netze Neu in der 6. Auflage sind Abschnitte zu den Themen ChatGPT sowie Decision Model and Notation (DMN) bei Prozessbeschreibungen},
  isbn = {978-3-446-47882-4 978-3-446-47881-7},
  langid = {german},
  pagetotal = {359},
  file = {/Users/patrickmarx/Zotero/storage/PZHHQRQ9/Lämmel und Cleve - 2023 - Künstliche Intelligenz Wissensverarbeitung - neur.pdf;/Users/patrickmarx/Zotero/storage/Y3YUWISD/lämmel-cleve-2023-künstliche-intelligenz.pdf}
}

@online{MuseNet,
  title = {{{MuseNet}}},
  url = {https://openai.com/research/musenet},
  urldate = {2024-01-23},
  abstract = {We’ve created MuseNet, a deep neural network that can generate 4-minute musical compositions with 10 different instruments, and can combine styles from country to Mozart to the Beatles. MuseNet was not explicitly programmed with our understanding of music, but instead discovered patterns of harmony, rhythm, and style by learning to predict the next token in hundreds of thousands of MIDI files. MuseNet uses the same general-purpose unsupervised technology as~GPT-2, a large-scale~transformer~model trained to predict the next token in a sequence, whether audio or~text.},
  langid = {american},
  file = {/Users/patrickmarx/Zotero/storage/U4I6ATQ7/musenet.html}
}

@book{noeMusikKommtMir1985,
  title = {Die {{Musik}} Kommt Mir Äusserst Bekannt Vor: {{Wege}} Und {{Abwege}} Der {{Entlehnung}}},
  shorttitle = {Die {{Musik}} Kommt Mir Äusserst Bekannt Vor},
  author = {family=Noé, given=Günther, prefix=von, useprefix=false},
  date = {1985},
  publisher = {{Doblinger}},
  location = {{Wien ; Nutley, N.J}},
  isbn = {978-3-900035-88-4},
  pagetotal = {115},
  keywords = {Composition (Music),Plagiarism in music}
}

@incollection{schermaierWemGehoerenGedanken2013,
  title = {Wem gehören Gedanken? Eine kleine Rechtsgeschichte der Kreativität},
  booktitle = {Plagiat, Fälschung, Urheberrecht im interdisziplinären Blickfeld},
  author = {Schermaier, Martin},
  editor = {Goltschnigg, Dietmar and Kumar, Victoria},
  date = {2013},
  pages = {27--40},
  publisher = {{Schmidt}},
  location = {{Berlin}},
  isbn = {978-3-503-13763-3},
  langid = {german}
}

@book{schierholzKunstRechtUnd2012,
  title = {Kunst, Recht und Geld: Festschrift für Gerhard Pfennig zum 65. Geburtstag},
  shorttitle = {Kunst, Recht und Geld},
  editor = {Schierholz, Anke and Pfennig, Gerhard and Melichar, Ferdinand},
  date = {2012},
  publisher = {{Beck}},
  location = {{München}},
  isbn = {978-3-406-62902-0},
  langid = {german},
  pagetotal = {531},
  file = {/Users/patrickmarx/Zotero/storage/YEQZ9MMI/Schierholz et al. - 2012 - Kunst, Recht und Geld Festschrift für Gerhard Pfe.pdf}
}

@book{schmidUrheberrechtlicheProblemeModerner1995,
  title = {Urheberrechtliche Probleme moderner Kunst und Computerkunst in rechtsvergleichender Darstellung},
  author = {Schmid, Thomas Peter},
  date = {1995},
  series = {Rechtswissenschaftliche Forschung und Entwicklung},
  number = {471},
  publisher = {{VVF}},
  location = {{München}},
  isbn = {978-3-89481-142-6},
  langid = {german},
  pagetotal = {166},
  file = {/Users/patrickmarx/Zotero/storage/2BFWBLUE/Schmid - 1995 - Urheberrechtliche Probleme moderner Kunst und Comp.pdf;/Users/patrickmarx/Zotero/storage/8TRJU2MT/Thomas_Schmidt_Urheberrechtliche_Probleme_Computerkunst.pdf}
}

@article{schnabelKuenstlicheIntelligenzHausaufgaben2022,
  entrysubtype = {newspaper},
  title = {Künstliche Intelligenz: Die Hausaufgaben macht jetzt die KI},
  shorttitle = {Künstliche Intelligenz},
  author = {Schnabel, Ulrich},
  date = {2022-12-15},
  journaltitle = {Die Zeit},
  location = {{Hamburg}},
  issn = {0044-2070},
  url = {https://www.zeit.de/2022/52/kuenstliche-intelligenz-textgenerierung-chatgpt},
  urldate = {2024-01-23},
  abstract = {Künstliche Intelligenz schreibt Texte, die klingen, als hätte sie ein Mensch geschrieben. Schulen, Universitäten und Werbeagenturen müssen umdenken. Und das schnell.},
  langid = {ngerman},
  keywords = {Bachelor,Bildung,ChatGPT,Intelligenz,Internet,künstliche Intelligenz,Master,OpenAI,Schule,Technologie},
  file = {/Users/patrickmarx/Zotero/storage/B2UZLJ9R/komplettansicht.html}
}

@article{turingCOMPUTINGMACHINERYINTELLIGENCE1950,
  title = {I.—{{COMPUTING MACHINERY AND INTELLIGENCE}}},
  author = {Turing, Alan},
  date = {1950-10-01},
  journaltitle = {Mind},
  volume = {LIX},
  number = {236},
  pages = {433--460},
  issn = {1460-2113, 0026-4423},
  doi = {10.1093/mind/LIX.236.433},
  url = {https://academic.oup.com/mind/article/LIX/236/433/986238},
  urldate = {2024-02-08},
  langid = {english},
  file = {/Users/patrickmarx/Zotero/storage/AH975EXN/Turing - 1950 - I.—COMPUTING MACHINERY AND INTELLIGENCE.pdf}
}

@book{waczkatEhrenhaftesSpielenMit2000,
  title = {"Ein ehrenhaftes Spielen mit Musik": deutsche Parodiemessen des 17. Jahrhunderts},
  shorttitle = {"Ein ehrenhaftes Spielen mit Musik"},
  author = {Waczkat, Andreas},
  date = {2000},
  publisher = {{Bärenreiter}},
  location = {{Kassel Basel London New York Prag}},
  isbn = {978-3-7618-1484-0},
  langid = {german},
  pagetotal = {368},
  file = {/Users/patrickmarx/Zotero/storage/JA2BR3PG/Waczkat - 2000 - Ein ehrenhaftes Spielen mit Musik deutsche Paro.pdf}
}

@book{zierauVeristischeOperDeutschland1994,
  title = {Die Veristische {{Oper}} in {{Deutschland}}: Eine {{Untersuchung}} Zur {{Entwicklung}} Der Deutschen Veristischen {{Oper}} Vom {{Plagiat}} Zur {{Eigenständigkeit}}},
  shorttitle = {Die Veristische {{Oper}} in {{Deutschland}}},
  author = {Zierau, Ulla},
  date = {1994},
  series = {Europäische {{Hochschulschriften}}. {{Reihe XXXVI}}, {{Musikwissenschaft}}, {{Publications}} Universitaires Européennes. {{Série XXXVI}}, {{Musicologie}} ; {{European}} University Studies. {{Series XXXVI}}, {{Musicology}}},
  number = {Bd. 123 = vol. 123 = vol. 123},
  publisher = {{P. Lang}},
  location = {{Frankfurt am Main ; New York}},
  isbn = {978-3-631-47586-7},
  pagetotal = {244},
  keywords = {19th century,20th century,Germany,Opera,Verismo (Opera)}
}
